<record><leader>00000cas a2200000 a 4500</leader><controlfield tag="001">12268447</controlfield><controlfield tag="008">850716d18871887ksuwr ne      0    0eng d</controlfield><datafield ind1=" " ind2=" " tag="010"><subfield code="a">sn 85029457 </subfield></datafield><datafield ind1=" " ind2=" " tag="040"><subfield code="a">KSH</subfield><subfield code="b">eng</subfield><subfield code="c">KSH</subfield><subfield code="d">NPT</subfield><subfield code="d">OCL</subfield><subfield code="d">OCLCQ</subfield></datafield><datafield ind1=" " ind2=" " tag="042"><subfield code="a">msc</subfield></datafield><datafield ind1="0" ind2="0" tag="245"><subfield code="a">Downs headlight.</subfield></datafield><datafield ind1=" " ind2=" " tag="260"><subfield code="a">Downs, Kan. :</subfield><subfield code="b">Jame E. Garner,</subfield><subfield code="c">-1887.</subfield></datafield><datafield ind1=" " ind2=" " tag="300"><subfield code="a">v. :</subfield><subfield code="b">ill. ;</subfield><subfield code="c">60 cm.</subfield></datafield><datafield ind1=" " ind2=" " tag="310"><subfield code="a">Weekly</subfield></datafield><datafield ind1="0" ind2=" " tag="362"><subfield code="a">-v. 1, no. 8 (Aug. 11, 1887).</subfield></datafield><datafield ind1="1" ind2=" " tag="362"><subfield code="a">Began with June 23, 1887 issue?</subfield></datafield><datafield ind1=" " ind2=" " tag="588"><subfield code="a">Description based on: Vol. 1, no. 2 (June 30, 1887).</subfield></datafield><datafield ind1=" " ind2=" " tag="752"><subfield code="a">United States</subfield><subfield code="b">Kansas</subfield><subfield code="c">Osborne</subfield><subfield code="d">Osborne.</subfield></datafield><datafield ind1="0" ind2="0" tag="785"><subfield code="t">Luray headlight</subfield><subfield code="w">(DLC)sn 85029737</subfield></datafield><datafield ind1="1" ind2=" " tag="029"><subfield code="a">AU@</subfield><subfield code="b">000020383197</subfield></datafield></record>